@inproceedings{sorg2010linear,
  title={Linear options},
  author={Sorg, Jonathan and Singh, Satinder},
  booktitle={Proceedings of the 9th International Conference on Autonomous Agents and Multiagent Systems: volume 1-Volume 1},
  pages={31--38},
  year={2010}
}